@misc{typescriptlangDocumentationTypeScript,
	author = {},
	title = {{D}ocumentation - {T}ype{S}cript for the {N}ew {P}rogrammer --- typescriptlang.org},
	howpublished = {\url{https://www.typescriptlang.org/docs/handbook/typescript-from-scratch.html}},
	year = {},
	note = {[Accessed 22-03-2025]},
}

@misc{nodejsNodejsAbout,
	author = {},
	title = {{N}ode.js — {A}bout {N}ode.js® --- nodejs.org},
	howpublished = {\url{https://nodejs.org/en/about}},
	year = {},
	note = {[Accessed 22-03-2025]},
}
    
@misc{npmjsAboutDocs,
	author = {},
	title = {{A}bout npm | npm {D}ocs --- docs.npmjs.com},
	howpublished = {\url{https://docs.npmjs.com/about-npm}},
	year = {},
	note = {[Accessed 22-03-2025]},
}

@misc{expressjsExpressNodejs,
	author = {},
	title = {{E}xpress - {N}ode.js web application framework --- expressjs.com},
	howpublished = {\url{https://expressjs.com/}},
	year = {},
	note = {[Accessed 22-03-2025]},
}

@misc{vuejsVuejs,
	author = {},
	title = {{V}ue.js --- vuejs.org},
	howpublished = {\url{https://vuejs.org/}},
	year = {},
	note = {[Accessed 22-03-2025]},
}

@misc{vuejsVuejsDocs,
	author = {},
	title = {{V}ue.js --- vuejs.org},
	howpublished = {\url{https://vuejs.org/guide/essentials/reactivity-fundamentals.html}},
	year = {},
	note = {[Accessed 22-03-2025]},
}
    
@article{spinellis2012git,
  title={Git},
  author={Spinellis, Diomidis},
  journal={IEEE software},
  volume={29},
  number={3},
  pages={100--101},
  year={2012},
  publisher={IEEE}
}

@misc{githubAboutGitHub,
	author = {},
	title = {{A}bout {G}it{H}ub and {G}it - {G}it{H}ub {D}ocs --- docs.github.com},
	howpublished = {\url{https://docs.github.com/en/get-started/start-your-journey/about-github-and-git}},
	year = {},
	note = {[Accessed 22-03-2025]},
}

@misc{ enwiki:1261773908,
    author = "{Wikipedia contributors}",
    title = "TypeScript --- {Wikipedia}{,} The Free Encyclopedia",
    year = "2024",
    url = "https://en.wikipedia.org/w/index.php?title=TypeScript&oldid=1261773908",
    note = "[Online; accessed 12-December-2024]"
}

@misc{ enwiki:1258410189,
    author = "{Wikipedia contributors}",
    title = "Type system --- {Wikipedia}{,} The Free Encyclopedia",
    year = "2024",
    url = "https://en.wikipedia.org/w/index.php?title=Type_system&oldid=1258410189",
    note = "[Online; accessed 12-December-2024]"
}

@misc{postgresqlPostgreSQL,
	author = {PostgreSQL Global Development Group},
	title = {{P}ostgre{S}{Q}{L} --- postgresql.org},
	howpublished = {\url{https://www.postgresql.org/}},
	year = {},
	note = {[Accessed 22-03-2025]},
}

@misc{ enwiki:1245152116,
    author = "{Wikipedia contributors}",
    title = "Runtime system --- {Wikipedia}{,} The Free Encyclopedia",
    year = "2024",
    url = "https://en.wikipedia.org/w/index.php?title=Runtime_system&oldid=1245152116",
    note = "[Online; accessed 12-December-2024]"
}

@misc{newJavaScriptEngineModuleOwner,
	author = {Brendan Eich},
	title = {{N}ew {J}ava{S}cript {E}ngine {M}odule {O}wner},
	howpublished = {\url{brendaneich.com/2011/06/new-javascript-engine-module-owner/}},
	year = {},
	note = {[Accessed 22-03-2025]},
}

@misc{a2024_what,
  title = {What is Docker?},
  author = "{Docker, Inc.}",
  url = {https://docs.docker.com/get-started/docker-overview/},
  year = {2024},
  organization = {Docker Documentation}
}

@misc{githubinc_2024_understanding,
  author = {GitHub, Inc.},
  title = {Understanding GitHub Actions - GitHub Docs},
  url = {https://docs.github.com/en/actions/about-github-actions/understanding-github-actions},
  year = {2024},
  organization = {GitHub Docs}
}

@misc{gitscmWhatGit,
	author = {},
	title = {{G}it - {W}hat is {G}it? --- git-scm.com},
	howpublished = {\url{https://git-scm.com/book/en/v2/Getting-Started-What-is-Git%3F}},
	year = {},
	note = {[Accessed 22-03-2025]},
}

@book{kuhlman2009python,
  title={A python book: Beginning python, advanced python, and python exercises},
  author={Kuhlman, Dave},
  year={2009},
  publisher={Dave Kuhlman Lutz}
}

@book{van1990functional,
  title={Functional Programming: Proceedings of the 1989 Glasgow Workshop 21-23 August 1989, Fraserburgh, Scotland},
  author={Van Rijsbergen, CJ and Davis, Kei and Hughes, John},
  year={1990},
  publisher={Springer London}
}

@misc{ TSDecorators,
    author = "{Microsoft Corporation}",
    title = "TypeScript: Documentation - Decorators",
    url = "https://www.typescriptlang.org/docs/handbook/decorators.html",
}

@book{goldberg2022learning,
  title={Learning TypeScript},
  author={Goldberg, Josh},
  year={2022},
  publisher={" O'Reilly Media, Inc."}
}

@inproceedings{pang2018programming,
  title={What programming languages do developers use? A theory of static vs dynamic language choice},
  author={Pang, Aaron and Anslow, Craig and Noble, James},
  booktitle={2018 IEEE Symposium on Visual Languages and Human-Centric Computing (VL/HCC)},
  pages={239--247},
  year={2018},
  organization={IEEE}
}

@inproceedings{de2002importance,
  title={On the importance of the separation-of-concerns principle in secure software engineering},
  author={De Win, Bart and Piessens, Frank and Joosen, Wouter and Verhanneman, Tine},
  booktitle={Workshop on the Application of Engineering Principles to System Security Design},
  pages={1--10},
  year={2002},
  organization={Citeseer}
}

@misc{typescriptlangHandbookEnums,
	author = {},
	title = {{H}andbook - {E}nums --- typescriptlang.org},
	howpublished = {\url{https://www.typescriptlang.org/docs/handbook/enums.html}},
	year = {},
	note = {[Accessed 22-03-2025]},
}

@misc{typescriptlangHandbookInterfaces,
	author = {},
	title = {{H}andbook - {I}nterfaces --- typescriptlang.org},
	howpublished = {\url{https://www.typescriptlang.org/docs/handbook/interfaces.html}},
	year = {},
	note = {[Accessed 22-03-2025]},
}

@misc{gymmasterManagementSoftware,
	author = {Treshna Enterprises Ltd},
	title = {{G}ym {M}anagement {S}oftware - {G}ym{M}aster {M}ember {M}anagement --- gymmaster.com},
	howpublished = {\url{https://www.gymmaster.com/}},
	year = {},
	note = {[Accessed 22-03-2025]},
}

@misc{mindbodyonlineBestFitness,
	author = {},
	title = {{B}est {F}itness \& {W}ellness {M}anagement {S}oftware | {M}indbody --- mindbodyonline.com},
	howpublished = {\url{https://www.mindbodyonline.com/}},
	year = {},
	note = {[Accessed 22-03-2025]},
}

@misc{bookywayPrenotazioneUniversale,
	author = {},
	title = {{A}pp di prenotazione universale per qualsiasi attività - {B}ooky{W}ay --- bookyway.com},
	howpublished = {\url{https://bookyway.com/}},
	year = {},
	note = {[Accessed 22-03-2025]},
}

@article{tarjan1972depth,
  title={Depth-first search and linear graph algorithms},
  author={Tarjan, Robert},
  journal={SIAM journal on computing},
  volume={1},
  number={2},
  pages={146--160},
  year={1972},
  publisher={SIAM}
}

@article{bundy1984breadth,
  title={Breadth-first search},
  author={Bundy, Alan and Wallen, Lincoln},
  journal={Catalogue of artificial intelligence tools},
  pages={13--13},
  year={1984},
  publisher={Springer}
}

@article{javaid2013understanding,
  title={Understanding Dijkstra's algorithm},
  author={Javaid, Adeel},
  journal={Available at SSRN 2340905},
  year={2013}
}

@misc{tailwindcssTailwindRapidly,
	author = {},
	title = {{T}ailwind {C}{S}{S} - {R}apidly build modern websites without ever leaving your {H}{T}{M}{L}. --- tailwindcss.com},
	howpublished = {\url{https://tailwindcss.com/}},
	year = {},
	note = {[Accessed 25-03-2025]},
}

@misc{shadcnIntroduction,
	author = {shadcn},
	title = {{I}ntroduction --- ui.shadcn.com},
	howpublished = {\url{https://ui.shadcn.com/docs}},
	year = {},
	note = {[Accessed 25-03-2025]},
}

@misc{clerkClerkAuthentication,
	author = {},
	title = {{C}lerk | {A}uthentication and {U}ser {M}anagement --- clerk.com},
	howpublished = {\url{https://clerk.com/}},
	year = {},
	note = {[Accessed 25-03-2025]},
}

@misc{zodTypeScriptfirstSchema,
	author = {},
	title = {{T}ype{S}cript-first schema validation with static type inference --- zod.dev},
	howpublished = {\url{https://zod.dev/?id=introduction}},
	year = {},
	note = {[Accessed 25-03-2025]},
}
@misc{vuejsVuejsComputed,
	author = {},
	title = {{V}ue.js --- vuejs.org},
	howpublished = {\url{https://vuejs.org/guide/essentials/computed.html}},
	year = {},
	note = {[Accessed 26-03-2025]},
}
@misc{vuejsVuejsWatchers,
	author = {},
	title = {{V}ue.js --- vuejs.org},
	howpublished = {\url{https://vuejs.org/guide/essentials/watchers.html}},
	year = {},
	note = {[Accessed 26-03-2025]},
}

@misc{nuxtIntroductionStarted,
	author = {},
	title = {{I}ntroduction · {G}et {S}tarted with {N}uxt --- nuxt.com},
	howpublished = {\url{https://nuxt.com/docs/getting-started/introduction}},
	year = {},
	note = {[Accessed 27-03-2025]},
}

@misc{dev52MDevelopers,
	author = {},
	title = {5.2{M} {D}evelopers {J}oined the {J}avascript {C}ommunity in the {L}ast {T}wo {Y}ears --- dev.to},
	howpublished = {\url{https://dev.to/stateofdevnation/52m-developers-joined-the-javascript-community-in-the-last-two-years-2ipi}},
	year = {},
	note = {[Accessed 27-03-2025]},
}

@book{ranjan2020javascript,
  title={JavaScript for modern web development: building a web application using HTML, CSS, and JavaScript},
  author={Ranjan, Alok and Sinha, Abhilasha and Battewad, Ranjit},
  year={2020},
  publisher={BPB Publications}
}

@misc{browserstackJavaScriptCode,
	author = {},
	title = {{H}ow to {R}un {J}ava{S}cript {C}ode in a {B}rowser? | {B}rowser{S}tack --- browserstack.com},
	howpublished = {\url{https://www.browserstack.com/guide/run-javascript-code-in-browser}},
	year = {},
	note = {[Accessed 27-03-2025]},
}

@misc{v8JavaScriptEngine,
	author = {},
	title = {{V}8 {J}ava{S}cript engine --- v8.dev},
	howpublished = {\url{https://v8.dev/}},
	year = {},
	note = {[Accessed 27-03-2025]},
}

@article{chhetri2016comparative,
  title={A comparative analysis of node. js (server-side javascript)},
  author={Chhetri, Nimesh},
  year={2016}
}

@inproceedings{alzahrani2021common,
  title={Common logic errors for programming learners: A three-decade literature survey},
  author={Alzahrani, Nabeel and Vahid, Frank},
  booktitle={2021 ASEE Annual Conference},
  year={2021}
}