@online{AhDTEmY2CY7Qv65e,
  title = {I love you Coffee},
  urldate = {2019-04-24},
  url = {http://preetiyacoffee.blogspot.com/},
}

@misc{ enwiki:1261773908,
    author = "{Wikipedia contributors}",
    title = "TypeScript --- {Wikipedia}{,} The Free Encyclopedia",
    year = "2024",
    url = "https://en.wikipedia.org/w/index.php?title=TypeScript&oldid=1261773908",
    note = "[Online; accessed 12-December-2024]"
}

@misc{ enwiki:1258410189,
    author = "{Wikipedia contributors}",
    title = "Type system --- {Wikipedia}{,} The Free Encyclopedia",
    year = "2024",
    url = "https://en.wikipedia.org/w/index.php?title=Type_system&oldid=1258410189",
    note = "[Online; accessed 12-December-2024]"
}

@misc{ enwiki:1262241967,
    author = "{Wikipedia contributors}",
    title = "PostgreSQL --- {Wikipedia}{,} The Free Encyclopedia",
    year = "2024",
    url = "https://en.wikipedia.org/w/index.php?title=PostgreSQL&oldid=1262241967",
    note = "[Online; accessed 12-December-2024]"
}

@misc{ enwiki:1258184667,
    author = "{Wikipedia contributors}",
    title = "Express.js --- {Wikipedia}{,} The Free Encyclopedia",
    year = "2024",
    url = "https://en.wikipedia.org/w/index.php?title=Express.js&oldid=1258184667",
    note = "[Online; accessed 12-December-2024]"
}

@misc{ enwiki:1245152116,
    author = "{Wikipedia contributors}",
    title = "Runtime system --- {Wikipedia}{,} The Free Encyclopedia",
    year = "2024",
    url = "https://en.wikipedia.org/w/index.php?title=Runtime_system&oldid=1245152116",
    note = "[Online; accessed 12-December-2024]"
}

@misc{ enwiki:1256640147,
    author = "{Wikipedia contributors}",
    title = "JavaScript engine --- {Wikipedia}{,} The Free Encyclopedia",
    year = "2024",
    url = "https://en.wikipedia.org/w/index.php?title=JavaScript_engine&oldid=1256640147",
    note = "[Online; accessed 12-December-2024]"
}

@misc{ enwiki:1262522147,
    author = "{Wikipedia contributors}",
    title = "Node.js --- {Wikipedia}{,} The Free Encyclopedia",
    year = "2024",
    howpublished = "\url{https://en.wikipedia.org/w/index.php?title=Node.js&oldid=1262522147}",
    note = "[Online; accessed 12-December-2024]"
}

@misc{a2024_what,
  title = {What is Docker?},
  author = "{Docker, Inc.}",
  url = {https://docs.docker.com/get-started/docker-overview/},
  year = {2024},
  organization = {Docker Documentation}
}

@misc{githubinc_2024_understanding,
  author = {GitHub, Inc.},
  title = {Understanding GitHub Actions - GitHub Docs},
  url = {https://docs.github.com/en/actions/about-github-actions/understanding-github-actions},
  year = {2024},
  organization = {GitHub Docs}
}

@misc{ enwiki:1262043674,
    author = "{Wikipedia contributors}",
    title = "GitHub --- {Wikipedia}{,} The Free Encyclopedia",
    year = "2024",
    howpublished = "\url{https://en.wikipedia.org/w/index.php?title=GitHub&oldid=1262043674}",
    note = "[Online; accessed 12-December-2024]"
}

@misc{ enwiki:1261616505,
    author = "{Wikipedia contributors}",
    title = "Git --- {Wikipedia}{,} The Free Encyclopedia",
    year = "2024",
    url = "https://en.wikipedia.org/w/index.php?title=Git&oldid=1261616505",
    note = "[Online; accessed 12-December-2024]"
}

@misc{ enwiki:1262860862,
    author = "{Wikipedia contributors}",
    title = "Python (programming language) --- {Wikipedia}{,} The Free Encyclopedia",
    year = "2024",
    url = "https://en.wikipedia.org/w/index.php?title=Python_(programming_language)&oldid=1262860862",
    note = "[Online; accessed 14-December-2024]"
}



@misc{ enwiki:1259453401,
    author = "{Wikipedia contributors}",
    title = "Off-side rule --- {Wikipedia}{,} The Free Encyclopedia",
    year = "2024",
    url = "https://en.wikipedia.org/w/index.php?title=Off-side_rule&oldid=1259453401",
    note = "[Online; accessed 14-December-2024]"
}

@misc{ TSDecorators,
    author = "{Microsoft Corporation}",
    title = "TypeScript: Documentation - Decorators",
    url = "https://www.typescriptlang.org/docs/handbook/decorators.html",
}

@book{goldberg2022learning,
  title={Learning TypeScript},
  author={Goldberg, Josh},
  year={2022},
  publisher={" O'Reilly Media, Inc."}
}

@inproceedings{pang2018programming,
  title={What programming languages do developers use? A theory of static vs dynamic language choice},
  author={Pang, Aaron and Anslow, Craig and Noble, James},
  booktitle={2018 IEEE Symposium on Visual Languages and Human-Centric Computing (VL/HCC)},
  pages={239--247},
  year={2018},
  organization={IEEE}
}

@inproceedings{de2002importance,
  title={On the importance of the separation-of-concerns principle in secure software engineering},
  author={De Win, Bart and Piessens, Frank and Joosen, Wouter and Verhanneman, Tine},
  booktitle={Workshop on the Application of Engineering Principles to System Security Design},
  pages={1--10},
  year={2002},
  organization={Citeseer}
}
